@article{Pichon2006,
author = {A. Pichon and S. Correard},
doi = {10.3989/scimar.2006.70s165},
issn = {0214-8358},
journal = {Scientia Marina},
keywords = {c omparaci{\'{o}}n con observaciones,coordenadas isopycnas para representar,de marea semidiurnas m2,el golfo de vizcaya,el modelo se fuerza,golfo de v izaya,internal tide,isopycnal model,k2,la propagaci{\'{o}}n tridimensional de,las ondas internas de,m odelado de las,marea en,n2,observations,ondas internas en el,por las cuatro ondas,resumen,s2,se ha utili-,shelf edge,una topograf{\'{i}}a de alta,zado un modelo de},
number = {Suppl. 1},
pages = {65--88},
title = {{Internal tides modelling in the Bay of Biscay. Comparisons with observations}},
volume = {70},
year = {2006}
}

@article{TIMKO2019,
title = "Assessment of shelf sea tides and tidal mixing fronts in a global ocean model",
journal = "Ocean Modelling",
volume = "136",
pages = "66 - 84",
year = "2019",
issn = "1463-5003",
doi = "https://doi.org/10.1016/j.ocemod.2019.02.008",
url = "http://www.sciencedirect.com/science/article/pii/S1463500318302622",
author = "Patrick G. Timko and Brian K. Arbic and Patrick Hyder and James G. Richman and Luis Zamudio and Enda O'Dea and Alan J. Wallcraft and Jay F. Shriver",
}

@Article{maraldi2013,
AUTHOR = {C. Maraldi and J. Chanut and B. Levier and N. Ayoub and P. {De Mey} and G. Reffray and F. Lyard and S. Cailleau and M. Dr\'evillon and E. A. Fanjul and M. G. Sotillo and P. Marsaleix and {the Mercator Research and Development Team}},
TITLE = {NEMO on the shelf: assessment of the Iberia-Biscay-Ireland configuration},
JOURNAL = {Ocean Science},
VOLUME = {9},
YEAR = {2013},
NUMBER = {4},
PAGES = {745--771},
URL = {https://www.ocean-sci.net/9/745/2013/},
DOI = {10.5194/os-9-745-2013}
}

@inproceedings{Large2004,
  title={Diurnal to decadal global forcing for ocean and sea-ice models: the data sets and flux climatologies},
  author={W. G. Large and S. G. Yeager},
  year={2004},
  doi={10.5065/D6KK98Q6},
  publisher={NCAR Technical Note: NCAR/TN-460+STR}
}

@article{Vervatis2016,
author = {V. Vervatis and C. E. Testut and P. {De Mey} and N. Ayoub and J. Chanut and G. Quattrocchi},
doi = {10.1016/j.ocemod.2016.01.003},
issn = {14635003},
journal = {Ocean Modelling},
keywords = {4DEnOI,Bay of Biscay,Coastal modeling,Data assimilation,Stochastic modeling,Twin-experiment},
pages = {1--19},
publisher = {Elsevier Ltd},
title = {{Data assimilative twin-experiment in a high-resolution Bay of Biscay configuration: 4DEnOI based on stochastic modeling of the wind forcing}},
url = {http://dx.doi.org/10.1016/j.ocemod.2016.01.003},
volume = {100},
year = {2016}
}

@article{Quattrocchi2014,
author = {G Quattrocchi and P {De Mey} and N Ayoub and V D Vervatis and C E Testut and G Reffray and J Chanut and Y Drillet},
title = {Characterisation of errors of a regional model of the Bay of Biscay in response to wind uncertainties: a first step toward a data assimilation system suitable for coastal sea domains},
journal = {Journal of Operational Oceanography},
volume = {7},
number = {2},
pages = {25-34},
year  = {2014},
publisher = {Taylor & Francis},
doi = {10.1080/1755876X.2014.11020156},
URL = {https://doi.org/10.1080/1755876X.2014.11020156},
}

@article{Egbert1994,
author = {Egbert, Gary D and Bennett, Andrew F and Foreman, Michael G G},
doi = {10.1029/94JC01894},
journal = {Journal of Geophysical Research: Oceans},
number = {C12},
pages = {24821--24852},
title = {{TOPEX/POSEIDON tides estimated using a global inverse model}},
url = {https://agupubs.onlinelibrary.wiley.com/doi/abs/10.1029/94JC01894},
volume = {99},
year = {1994}
}

@article{LeProvost1985,
author = {C. {Le Provost} and M. Fornerino},
title = {Tidal Spectroscopy of the English Channel with a Numerical Model},
journal = {Journal of Physical Oceanography},
volume = {15},
number = {8},
pages = {1009-1031},
year = {1985},
doi = {10.1175/1520-0485(1985)015<1008:TSOTEC>2.0.CO;2},
URL = {https://doi.org/10.1175/1520-0485(1985)015<1008:TSOTEC>2.0.CO;2},
}

@article{LEBOYER2009,
title = "Observations of the Ushant tidal front in September 2007",
journal = "Continental Shelf Research",
volume = "29",
number = "8",
pages = "1026 - 1037",
year = "2009",
note = "100 Years of Research within the Bay of Biscay",
issn = "0278-4343",
doi = "https://doi.org/10.1016/j.csr.2008.12.020",
url = "http://www.sciencedirect.com/science/article/pii/S0278434309000211",
author = "A. {Le Boyer} and G. Cambon and N. Daniault and S. Herbette and B. {Le Cann} and L. Marié and P. Morin",
}

@article{REVERDIN2013,
title = "Freshwater from the Bay of Biscay shelves in 2009",
journal = "Journal of Marine Systems",
volume = "109-110",
pages = "S134 - S143",
year = "2013",
note = "XII International Symposium on Oceanography of the Bay of Biscay",
issn = "0924-7963",
doi = "https://doi.org/10.1016/j.jmarsys.2011.09.017",
url = "http://www.sciencedirect.com/science/article/pii/S0924796311002326",
author = "G. Reverdin and L. Marié and P. Lazure and F. d'Ovidio and J. Boutin and P. Testor and N. Martin and A. Lourenco and F. Gaillard and A. Lavin and C. Rodriguez and R. Somavilla and J. Mader and A. Rubio and P. Blouch and J. Rolland and Y. Bozec and G. Charria and F. Batifoulier and F. Dumas and S. Louazel and J. Chanut",
keywords = "Shelf circulation, Salinity, Cross-slope exchanges, Ocean monitoring",
}

@article{Pairaud2008,
author = {I. L. Pairaud and F. Lyard and F. Auclair and T. Letellier and P. Marsaleix},
doi = {10.1016/j.csr.2008.03.004},
issn = {02784343},
journal = {Continental Shelf Research},
keywords = {Barotropic tides,Bay of Biscay,Energy budget,Modeling},
number = {10-11},
pages = {1294--1315},
title = {{Dynamics of the semi-diurnal and quarter-diurnal internal tides in the Bay of Biscay. Part 1: Barotropic tides}},
volume = {28},
year = {2008}
}

@article{Pairaud2010,
author = {Ivane L. Pairaud and Francis Auclair and Patrick Marsaleix and Florent Lyard and Annick Pichon},
doi = {10.1016/j.csr.2009.10.008},
issn = {02784343},
journal = {Continental Shelf Research},
keywords = {Bay of Biscay,Internal tides,Internal waves,Wavelet analysis},
number = {3-4},
pages = {253--269},
publisher = {Elsevier},
title = {{Dynamics of the semi-diurnal and quarter-diurnal internal tides in the Bay of Biscay. Part 2: Baroclinic tides}},
url = {http://dx.doi.org/10.1016/j.csr.2009.10.008},
volume = {30},
year = {2010}
}

@article{Kelly-Gerreyn2006,
author = {B. A. Kelly-Gerreyn and D. J. Hydes and A. M. J{\'{e}}gou and P. Lazure and L. J. Fernand and I. Puillat and C. Garcia-Soto},
doi = {10.1016/j.csr.2006.03.007},
issn = {02784343},
journal = {Continental Shelf Research},
keywords = {Bay of Biscay,English Channel,Ferrybox,Low salinity,River plume},
number = {11},
pages = {1241--1257},
title = {{Low salinity intrusions in the western English Channel}},
volume = {26},
year = {2006}
}

@article{Sotillo2015,
author = {M. G. Sotillo and S. Cailleau and P. Lorente and B. Levier and R. Aznar and G. Reffray and A. Amo-Baladrón and J. Chanut and M. Benkiran and E. Alvarez-Fanjul},
title = {The MyOcean IBI Ocean Forecast and Reanalysis Systems: operational products and roadmap to the future Copernicus Service},
journal = {Journal of Operational Oceanography},
volume = {8},
number = {1},
pages = {63-79},
year  = {2015},
publisher = {Taylor & Francis},
doi = {10.1080/1755876X.2015.1014663},
URL = {https://doi.org/10.1080/1755876X.2015.1014663},
}

@article{welch1967,
  author={P. {Welch}},
  journal={IEEE Transactions on Audio and Electroacoustics}, 
  title={The use of fast Fourier transform for the estimation of power spectra: A method based on time averaging over short, modified periodograms}, 
  year={1967},
  volume={15},
  number={2},
  pages={70-73},}

@article{donlon2012,
title = "The Operational Sea Surface Temperature and Sea Ice Analysis (OSTIA) system",
journal = "Remote Sensing of Environment",
volume = "116",
pages = "140 - 158",
year = "2012",
note = "Advanced Along Track Scanning Radiometer(AATSR) Special Issue",
issn = "0034-4257",
doi = "https://doi.org/10.1016/j.rse.2010.10.017",
url = "http://www.sciencedirect.com/science/article/pii/S0034425711002197",
author = "Craig J. Donlon and Matthew Martin and John Stark and Jonah Roberts-Jones and Emma Fiedler and Werenfrid Wimmer",
keywords = "Sea surface temperature, SST, Sea ice",
}

@article{McDougall1987,
    author = {Trevor J. McDougall},
    title = "{Neutral Surfaces}",
    journal = {Journal of Physical Oceanography},
    volume = {17},
    number = {11},
    pages = {1950-1964},
    year = {1987},
    month = {11},
    issn = {0022-3670},
    doi = {10.1175/1520-0485(1987)017<1950:NS>2.0.CO;2},
    url = {https://doi.org/10.1175/1520-0485(1987)017<1950:NS>2.0.CO;2}
}

@article{Rocha2016,
author = {Cesar B. Rocha and Teresa K. Chereskin and Sarah T. Gille and Dimitris Menemenlis},
doi = {10.1175/JPO-D-15-0087.1},
issn = {15200485},
journal = {Journal of Physical Oceanography},
number = {2},
pages = {601--620},
title = {{Mesoscale to submesoscale wavenumber spectra in Drake Passage}},
volume = {46},
year = {2016}
}

@article{Madec2012,
abstract = {ISSN 1288-1619},
author = {G. Madec},
isbn = {1288-1619},
issn = {1288-1619},
journal = {Note du P{\^{o}}le de mod{\'{e}}lisation, Institut Pierre-Simon Laplace (IPSL)},
keywords = {GC Oceanography},
number = {27},
pages = {357pp.},
title = {{NEMO ocean engine}},
url = {http://eprints.soton.ac.uk/64324/},
year = {2012}
}

@article{koutsikopoulos1996,
author = {C. Koutsikopoulos and B. {Le Cann}},
journal = {Scientia Marina},
pages = {9--19},
title = {{Physical processes  and  hydrological  structures  related  to  the  Bay  of Biscay anchovy}},
volume = {60},
year = {1996}
}

@article{LECANN1990,
title = "Barotropic tidal dynamics of the Bay of Biscay shelf: observations, numerical modelling and physical interpretation",
journal = "Continental Shelf Research",
volume = "10",
number = "8",
pages = "723 - 758",
year = "1990",
issn = "0278-4343",
doi = "https://doi.org/10.1016/0278-4343(90)90008-A",
url = "http://www.sciencedirect.com/science/article/pii/027843439090008A",
author = "Bernard {Le Cann}",
}

@article{BAINES1982,
title = "On internal tide generation models",
journal = "Deep Sea Research Part A. Oceanographic Research Papers",
volume = "29",
number = "3",
pages = "307 - 338",
year = "1982",
issn = "0198-0149",
doi = "https://doi.org/10.1016/0198-0149(82)90098-X",
url = "http://www.sciencedirect.com/science/article/pii/019801498290098X",
author = "P. G. Baines",
}

@article{Pingree1986,
author = {R. D. Pingree and G. T. Mardell and A. L. New},
doi = {10.1038/321154a0},
issn = {0028-0836},
journal = {Nature},
month = {may},
number = {6066},
pages = {154--158},
publisher = {Nature Publishing Group},
title = {{Propagation of internal tides from the upper slopes of the Bay of Biscay}},
url = {http://www.nature.com/doifinder/10.1038/321154a0},
volume = {321},
year = {1986}
}

@article{PINGREE1995,
title = "Structure, seasonal development and sunglint spatial coherence of the internal tide on the Celtic and Armorican shelves and in the Bay of Biscay",
journal = "Deep Sea Research Part I: Oceanographic Research Papers",
volume = "42",
number = "2",
pages = "245 - 284",
year = "1995",
issn = "0967-0637",
doi = "https://doi.org/10.1016/0967-0637(94)00041-P",
url = "http://www.sciencedirect.com/science/article/pii/096706379400041P",
author = "R. D. Pingree and A. L. New",
}

@article{Egbert2003,
author = {Gary D. Egbert and Richard D. Ray},
title = {Semi-diurnal and diurnal tidal dissipation from TOPEX/Poseidon altimetry},
journal = {Geophysical Research Letters},
volume = {30},
number = {17},
pages = {},
doi = {10.1029/2003GL017676},
url = {https://agupubs.onlinelibrary.wiley.com/doi/abs/10.1029/2003GL017676},
year = {2003}
}

@article{SCHULTES2013,
title = "Influence of physical forcing on mesozooplankton communities at the Ushant tidal front",
journal = "Journal of Marine Systems",
volume = "109-110",
pages = "S191 - S202",
year = "2013",
note = "XII International Symposium on Oceanography of the Bay of Biscay",
issn = "0924-7963",
doi = "https://doi.org/10.1016/j.jmarsys.2011.11.025",
url = "http://www.sciencedirect.com/science/article/pii/S092479631100296X",
author = "Sabine Schultes and Marc Sourisseau and Emile {Le Masson} and Michel Lunven and Louis Marié",
keywords = "Mesozooplankton, Image analysis, Biomass spectra, Tidal front, Zooscan, LOPC",
}

@Article{Holt2017,
AUTHOR = {J. Holt and P. Hyder and M. Ashworth and J. Harle and H. T. Hewitt and H. Liu and A. L. New and S. Pickles and A. Porter and E. Popova and J. I. Allen and J. Siddorn and R. Wood},
TITLE = {Prospects for improving the representation of coastal and shelf seas in
global ocean models},
JOURNAL = {Geoscientific Model Development},
VOLUME = {10},
YEAR = {2017},
NUMBER = {1},
PAGES = {499--523},
URL = {https://gmd.copernicus.org/articles/10/499/2017/},
DOI = {10.5194/gmd-10-499-2017}
}

@article{Stanev2020,
author = {Emil Vassilev Stanev and Marcel Ricker},
doi = {10.1007/s10236-020-01348-6},
issn = {16167228},
journal = {Ocean Dynamics},
keywords = {Diapycnal mixing,European Northwest Shelf,Mesoscale processes,Nonlinear interactions,Spectral energy,Tides},
number = {5},
pages = {713--728},
publisher = {Ocean Dynamics},
title = {{Interactions between barotropic tides and mesoscale processes in deep ocean and shelf regions}},
volume = {70},
year = {2020}
}

@article{Suanda2017,
author = {S. H. Suanda and F. Feddersen and N. Kumar},
doi = {10.1002/2017JC013379},
issn = {21699291},
journal = {Journal of Geophysical Research: Oceans},
keywords = {ROMS,coastal upwelling,continental shelf,tides},
number = {12},
pages = {10156--10173},
title = {{The Effect of Barotropic and Baroclinic Tides on Coastal Stratification and Mixing}},
volume = {122},
year = {2017}
}

@article{Guarnieri2013,
author = {A. Guarnieri and N. Pinardi and P. Oddo and G. Bortoluzzi and M. Ravaioli},
title = {Impact of tides in a baroclinic circulation model of the Adriatic Sea},
journal = {Journal of Geophysical Research: Oceans},
volume = {118},
number = {1},
pages = {166-183},
keywords = {Adriatic Sea, numerical modelling, tides, tidal mixing, baroclinic circulation, Internal tides},
doi = {10.1029/2012JC007921},
url = {https://agupubs.onlinelibrary.wiley.com/doi/abs/10.1029/2012JC007921},
year = {2013}
}

@article{pingree_lc1990, 
title={Structure, strength and seasonality of the slope currents in the Bay of Biscay region}, 
volume={70}, 
DOI={10.1017/S0025315400059117}, 
number={4}, 
journal={Journal of the Marine Biological Association of the United Kingdom}, 
publisher={Cambridge University Press}, 
author={R. D. Pingree and B. {Le Cann}}, 
year={1990}, 
pages={857–885}}

@article{LeCann2009,
author = {B. {Le Cann} and A. Serpette},
doi = {10.1016/j.csr.2008.11.015},
isbn = {3329801646},
issn = {02784343},
journal = {Continental Shelf Research},
keywords = {Bay of Biscay (Northeastern Atlantic),Climate and interannual variability,Eastern boundary currents,Hydrography,Slope and shelf currents,Wind forcing},
number = {8},
pages = {1014--1025},
title = {{Intense warm and saline upper ocean inflow in the southern Bay of Biscay in autumn-winter 2006-2007}},
volume = {29},
year = {2009}
}

@article{Garcia-Soto2002,
author = {C. Garcia-Soto and R. D. Pingree and L. Vald\'es},
doi = {10.1029/2001JC001012},
file = {:home/gkara/.local/share/data/Mendeley Ltd./Mendeley Desktop/Downloaded/Garcia-Soto - 2002 - Navidad development in the southern Bay of Biscay Climate change and swoddy structure from remote sensing and in si.pdf:pdf},
isbn = {0148-0227},
issn = {0148-0227},
journal = {Journal of Geophysical Research},
mendeley-groups = {bay{\_}of{\_}biscay{\_}region},
number = {C8},
pages = {3118},
title = {{Navidad development in the southern Bay of Biscay: Climate change and swoddy structure from remote sensing and in situ measurements}},
url = {http://doi.wiley.com/10.1029/2001JC001012},
volume = {107},
year = {2002}
}

@article{pingree1992a,
author = {R. D. Pingree and B. {Le Cann}},
title = {Anticyclonic eddy X91 in the southern Bay of Biscay, May 1991 to February 1992},
journal = {Journal of Geophysical Research: Oceans},
volume = {97},
number = {C9},
pages = {14353-14367},
doi = {10.1029/92JC01181},
url = {https://agupubs.onlinelibrary.wiley.com/doi/abs/10.1029/92JC01181},
year = {1992}
}

@article{pingree1992b,
author = {R. D. Pingree and B. {Le Cann}},
doi = {https://doi.org/10.1016/0198-0149(92)90062-X},
issn = {0198-0149},
journal = {Deep Sea Research Part A. Oceanographic Research Papers},
number = {7},
pages = {1147--1175},
title = {{Three anticyclonic slope water oceanic eDDIES (SWODDIES) in the Southern Bay of Biscay in 1990}},
url = {http://www.sciencedirect.com/science/article/pii/019801499290062X},
volume = {39},
year = {1992}
}

@article{RUBIO2018,
title = "Eddy-induced cross-shelf export of high Chl-a coastal waters in the SE Bay of Biscay",
journal = "Remote Sensing of Environment",
volume = "205",
pages = "290 - 304",
year = "2018",
issn = "0034-4257",
doi = "https://doi.org/10.1016/j.rse.2017.10.037",
url = "http://www.sciencedirect.com/science/article/pii/S003442571730500X",
author = "Anna Rubio and Ainhoa Caballero and Alejandro Orfila and Ismael Hernández-Carrasco and Luis Ferrer and Manuel Gonz{\'{a}}lez and Lohitzune Solabarrieta and Julien Mader",
keywords = "Ocean mesoscale eddies, Cross-shelf transport, FSLE, Remote sensing, High-Frequency Radar, Lagrangian Coherent Structures, Lagrangian connectivity maps",
}

@article{PORTER2016,
title = "Drifter observations in the summer time Bay of Biscay slope current",
journal = "Journal of Marine Systems",
volume = "157",
pages = "65 - 74",
year = "2016",
issn = "0924-7963",
doi = "https://doi.org/10.1016/j.jmarsys.2016.01.002",
url = "http://www.sciencedirect.com/science/article/pii/S092479631600004X",
author = "M. Porter and M. E. Inall and J. A. M. Green and J. H. Simpson and A. C. Dale and P. I. Miller",
keywords = "Drifters, Bay of Biscay, Lagrangian statistics, Cross-slope exchange",
}

@article{Akpnar2020,
author = {Anıl Akpınar and Guillaume  Charria and S{\'{e}}bastien Theetten and Fr{\'{e}}d{\'{e}}ric Vandermeirsch},
doi = {10.1016/j.jmarsys.2020.103314},
issn = {09247963},
journal = {Journal of Marine Systems},
keywords = {Bay of Biscay,Cross-shelf exchanges,Mesoscale dynamics,Shelf break,Slope current},
month = {may},
publisher = {Elsevier B.V.},
title = {{Cross-shelf exchanges in the northern Bay of Biscay}},
volume = {205},
year = {2020}
}

@article{Gerkema2004,
title = "Internal tides in the Bay of Biscay: conversion rates and seasonal effects",
journal = "Deep Sea Research Part II: Topical Studies in Oceanography",
volume = "51",
number = "25",
pages = "2995 - 3008",
year = "2004",
note = "Small and mesoscale processes and their impact on the large scale",
issn = "0967-0645",
doi = "https://doi.org/10.1016/j.dsr2.2004.09.012",
url = "http://www.sciencedirect.com/science/article/pii/S0967064504002097",
author = "Theo Gerkema and Frans-Peter A. Lam and Leo R. M. Maas",
}

@article{stammer2014,
author = {D. Stammer and R. D. Ray and O. B. Andersen and B. K. Arbic and W. Bosch and L. Carr{\'{e}}re and Y. Cheng and D. S. Chinn and B. D. Dushaw and G. D. Egbert and S. Y. Erofeeva and H. S. Fok and J. A. M. Green and S. Griffiths and M. A. King and V. Lapin and F. G. Lemoine and S. B. Luthcke and F. Lyard and J. Morison and M. Müller and L. Padman and J. G. Richman and J. F. Shriver and C. K. Shum and E. Taguchi and Y. Yi},
title = {Accuracy assessment of global barotropic ocean tide models},
journal = {Reviews of Geophysics},
volume = {52},
number = {3},
pages = {243-282},
doi = {10.1002/2014RG000450},
url = {https://agupubs.onlinelibrary.wiley.com/doi/abs/10.1002/2014RG000450},
year = {2014}
}

@article{simpson1974,
title = {Fronts in the Irish Sea},
author = {J. H. Simpson and J. R. Hunter},
journal = "Nature",
volume = {250},
pages = {404-406},
doi = {https://doi.org/10.1038/250404a0},
year = {1974}
}

@article{simpson1981,
title = "Models of stratification and frontal movement in shelf seas",
journal = "Deep Sea Research Part A. Oceanographic Research Papers",
volume = "28",
number = "7",
pages = "727 - 738",
year = "1981",
issn = "0198-0149",
doi = "https://doi.org/10.1016/0198-0149(81)90132-1",
url = "http://www.sciencedirect.com/science/article/pii/0198014981901321",
author = "J.H. Simpson and D. Bowers",
}

@article{bowerS1987,
title = "Mean position of tidal fronts in European-shelf seas",
journal = "Continental Shelf Research",
volume = "7",
number = "1",
pages = "35 - 44",
year = "1987",
issn = "0278-4343",
doi = "https://doi.org/10.1016/0278-4343(87)90062-8",
url = "http://www.sciencedirect.com/science/article/pii/0278434387900628",
author = "D.G. Bowers and J.H. Simpson",
}

@article{holt2008,
title = "Modelling the tidal mixing fronts and seasonal stratification of the Northwest European Continental shelf",
journal = "Continental Shelf Research",
volume = "28",
number = "7",
pages = "887 - 903",
year = "2008",
issn = "0278-4343",
doi = "https://doi.org/10.1016/j.csr.2008.01.012",
url = "http://www.sciencedirect.com/science/article/pii/S0278434308000241",
author = "Jason Holt and Lars Umlauf",
}

@article{PASQUET2012,
title = "Production and dispersion of mixed waters in stratified coastal areas",
journal = "Continental Shelf Research",
volume = "39-40",
pages = "49 - 77",
year = "2012",
issn = "0278-4343",
doi = "https://doi.org/10.1016/j.csr.2012.04.001",
url = "http://www.sciencedirect.com/science/article/pii/S0278434312000817",
author = "Audrey Pasquet and Tanguy Szekely and Yves Morel",
}

@article{CHEVALLIER2014,
title = "Observations of the Ushant front displacements with MSG/SEVIRI derived sea surface temperature data",
journal = "Remote Sensing of Environment",
volume = "146",
pages = "3 - 10",
year = "2014",
note = "Liege Colloquium Special Issue: Remote sensing of ocean colour, temperature and salinity",
issn = "0034-4257",
doi = "https://doi.org/10.1016/j.rse.2013.07.038",
url = "http://www.sciencedirect.com/science/article/pii/S003442571300326X",
author = "Clémence Chevallier and Steven Herbette and Louis Mari{\'{e}} and Pierre {Le Borgne} and Anne Marsouin and Sonia P{\'{e}}r{\'{e}} and Bruno Levier and Chris Reason",
}

@article{odea2012,
author = {E. J. O’Dea and A. K. Arnold and K. P. Edwards and R. Furner and P. Hyder and M. J. Martin and J. R. Siddorn and D. Storkey and J. While and J. T. Holt and H. Liu},
title = {An operational ocean forecast system incorporating NEMO and SST data assimilation for the tidally driven European North-West shelf},
journal = {Journal of Operational Oceanography},
volume = {5},
number = {1},
pages = {3-17},
year  = {2012},
publisher = {Taylor & Francis},
doi = {10.1080/1755876X.2012.11020128},
URL = {https://doi.org/10.1080/1755876X.2012.11020128}
}

@article{Yelekci2017,
author = {{\"{O}}zge Yelek{\c{c}}i and Guillaume Charria and Xavier Capet and Gilles Reverdin and Jo{\"{e}}l Sudre and Hussein Yahia},
doi = {10.1016/j.csr.2017.06.015},
issn = {18736955},
journal = {Continental Shelf Research},
number = {June},
pages = {65--79},
publisher = {Elsevier Ltd},
title = {{Spatial and seasonal distributions of frontal activity over the French continental shelf in the Bay of Biscay}},
url = {http://dx.doi.org/10.1016/j.csr.2017.06.015},
volume = {144},
year = {2017}
}

@article {Umlauf2003,
title = "A generic length-scale equation for geophysical turbulence models",
journal = "Journal of Marine Research",
parent_itemid = "infobike://jmr/jmr",
publishercode ="jmr",
year = "2003",
volume = "61",
number = "2",
pages = "235-265",
itemtype = "ARTICLE",
issn = "0022-2402",
eissn = "1543-9542",
url = "https://www.ingentaconnect.com/content/jmr/jmr/2003/00000061/00000002/art00004",
doi = "doi:10.1357/002224003322005087",
author = "L. Umlauf and H. Burchard",
}

@article{UMLAUF2005,
title = "Second-order turbulence closure models for geophysical boundary layers. A review of recent work",
journal = "Continental Shelf Research",
volume = "25",
number = "7",
pages = "795 - 827",
year = "2005",
note = "Recent Developments in Physical Oceanographic Modelling: Part II",
issn = "0278-4343",
doi = "https://doi.org/10.1016/j.csr.2004.08.004",
url = "http://www.sciencedirect.com/science/article/pii/S0278434304003152",
author = "Lars Umlauf and Hans Burchard",
}

@article{lelong_kunze_2013, 
title={Can barotropic tide–eddy interactions excite internal waves?},
volume={721},
doi={10.1017/jfm.2013.1}, 
journal={Journal of Fluid Mechanics},
publisher={Cambridge University Press},
author={M.-P. Lelong and E. Kunze},
year={2013}, 
pages={1–27}
}